@article{taxonomia,
 author = {Aigner, Wolfgang and Miksch, Silvia and M\"{u}ller, Wolfgang and Schumann, Heidrun and Tominski, Christian},
 title = {Visualizing Time-Oriented Data-A Systematic View},
 journal = {Comput. Graph.},
 issue_date = {June, 2007},
 volume = {31},
 number = {3},
 month = jun,
 year = {2007},
 issn = {0097-8493},
 pages = {401--409},
 publisher = {Pergamon Press, Inc.},
}
@BOOK {Fmph-videnie,
    author    = {E. Šikudová and Z. Černeková and W. Benešová and Z. Haladová and J. Kučerová},
    title     = {Počítačové videnie. Detekcia a rozpoznávanie objektov},
    publisher = {Wikina, Livornská 445, 109 00 Praha 10},
    year      = {2014},
    edition   = {first}
}

@ARTICLE{brief-survey,
author={Duncan, K. and Sarkar, S.},
journal={Computer Vision, IET},
title={Saliency in images and video: a brief survey},
year={2012},
volume={6},
number={6},
pages={514-523},
keywords={computer vision;image matching;object recognition;video signal processing;computer vision;image matching;nonuniform allocation;object recognition;saliency algorithm;salient image region;visual search},
doi={10.1049/iet-cvi.2012.0032},
ISSN={1751-9632},
month={November},}

@ARTICLE{itty-98,
author={Itti, L. and Koch, C. and Niebur, E.},
journal={Pattern Analysis and Machine Intelligence, IEEE Transactions on},
title={A model of saliency-based visual attention for rapid scene analysis},
year={1998},
volume={20},
number={11},
pages={1254-1259},
keywords={computer vision;feature extraction;image recognition;neural nets;target tracking;dynamical neural network;feature extraction;rapid scene analysis;saliency;scene understanding;target detection;topographical saliency map;visual attention;visual search;Biological system modeling;Brain modeling;Computer architecture;Feature extraction;Hardware;Image analysis;Layout;Neural networks;Object detection;Visual system},
doi={10.1109/34.730558},
ISSN={0162-8828},
month={Nov},}

@INPROCEEDINGS{spectral-rezidual,
author={Xiaodi Hou and Liqing Zhang},
booktitle={Computer Vision and Pattern Recognition, 2007. CVPR '07. IEEE Conference on},
title={Saliency Detection: A Spectral Residual Approach},
year={2007},
pages={1-8},
keywords={feature extraction;object detection;artificial images;features independent;image log-spectrum;intelligent behavior;psychological patterns;saliency detection;spatial domain;spectral domain;spectral residual approach;Computational modeling;Humans;Image analysis;Image coding;Machine vision;Object detection;Object recognition;Redundancy;Statistical distributions;Visual system},
doi={10.1109/CVPR.2007.383267},
ISSN={1063-6919},
month={June},}

@article{sun,
author = {Zhang, Lingyun and Tong, Matthew H. and Marks, Tim K. and Shan, Honghao and Cottrell, Garrison W.},
title = {SUN: A Bayesian framework for saliency using natural statistics},
journal = {Journal of Vision},
volume = {8},
number = {7},
pages = {32},
year = {2008},
doi = {10.1167/8.7.32},
URL = { + http://dx.doi.org/10.1167/8.7.32},
eprint = {/data/Journals/JOV/933536/jov-8-7-32.pdf}
}

@misc{mit-saliency-benchmark,
  author    = {Zoya Bylinskii and Tilke Judd and Ali Borji and Laurent Itti and Fr{\'e}do Durand and Aude Oliva and Antonio Torralba},
  title     = {MIT Saliency Benchmark},
}
@article{CAT2000,
   title={CAT2000: A Large Scale Fixation Dataset for Boosting Saliency Research},
   author={Borji, Ali and Itti, Laurent},
   journal={CVPR 2015 workshop on "Future of Datasets"},
   year={2015},
   note={arXiv preprint arXiv:1505.03581}
}

@INPROCEEDINGS{salient-faces,
author={Sharma, P. and Cheikh, F.A. and Hardeberg, J.Y.},
booktitle={Image and Signal Processing and Analysis, 2009. ISPA 2009. Proceedings of 6th International Symposium on},
title={Face saliency in various human visual saliency models},
year={2009},
pages={327-332},
keywords={computer vision;GAFFE map;GBVS map;eye tracking equipment;face saliency map;face saliency module;gaze map;gaze-attentive fixation finding engine;graph-based visual saliency;human visual fixation;human visual saliency model;image property;image quality evaluation;viewing conditions;Art;Computer science;Design engineering;Educational institutions;Face;Humans;Image color analysis;Image quality;Layout;Visual perception},
doi={10.1109/ISPA.2009.5297732},
ISSN={1845-5921},
month={Sept},}

@article{sound-1,
author = {Coutrot, Antoine and Guyader, Nathalie},
title = {How saliency, faces, and sound influence gaze in dynamic social scenesShort Title??},
journal = {Journal of Vision},
volume = {14},
number = {8},
pages = {5},
year = {2014},
doi = {10.1167/14.8.5},
URL = { + http://dx.doi.org/10.1167/14.8.5},
eprint = {/data/Journals/JOV/933549/i1534-7362-14-8-5.pdf}
}

@article{sound-coutrot-1,
  title={Video viewing: do auditory salient events capture visual attention?},
  author={Coutrot, Antoine and Guyader, Nathalie and Ionescu, Gelu and Caplier, Alice},
  journal={annals of telecommunications-annales des t{\'e}l{\'e}communications},
  volume={69},
  number={1-2},
  pages={89--97},
  year={2014},
  publisher={Springer}
}

@INPROCEEDINGS{sound-courot-2, 
author={Coutrot, A. and Guyader, N.},
booktitle={Image Processing (ICIP), 2014 IEEE International Conference on},
title={An audiovisual attention model for natural conversation scenes},
year={2014},
pages={1100-1104},
keywords={audio-visual systems;gaze tracking;image processing;speech processing;audiovisual attention model;audiovisual saliency model;classical visual attention models;eye movement prediction;eye-tracking data;natural conversation scenes;social cues;speaker diarization algorithm;Computational modeling;Feature extraction;Observers;Predictive models;Speech;Videos;Visualization;audiovisual saliency model;eye movements;social gaze;speaker diarization;speech},
doi={10.1109/ICIP.2014.7025219},
month={Oct},}
